@inproceedings{sharma2021sketching,
  title={Sketching curvature for efficient out-of-distribution detection for deep neural networks},
  author={Sharma, Apoorva and Azizan, Navid and Pavone, Marco},
  booktitle={Uncertainty in artificial intelligence},
  pages={1958--1967},
  year={2021},
  organization={PMLR}
}

@STANDARD{saej3016,
  author = {},
  title = {Taxonomy and Definitions for Terms Related to Driving Automation Systems for On-Road Motor Vehicles},
  type = {SAE on Road Automated Driving Committee},
  number = {SAE J3016},
  year = {}
}
@inproceedings{torfah2022learning,
  title={Learning monitorable operational design domains for assured autonomy},
  author={Torfah, Hazem and Xie, Carol and Junges, Sebastian and Vazquez-Chanlatte, Marcell and Seshia, Sanjit A},
  booktitle={International Symposium on Automated Technology for Verification and Analysis},
  pages={3--22},
  year={2022},
  organization={Springer}
}

@inproceedings{irvine2021two,
  title={A two-level abstraction odd definition language: Part i},
  author={Irvine, Patrick and Zhang, Xizhe and Khastgir, Siddartha and Schwalb, Edward and Jennings, Paul},
  booktitle={2021 IEEE International Conference on Systems, Man, and Cybernetics (SMC)},
  pages={2614--2621},
  year={2021},
  organization={IEEE}
}
@article{hendrycks2016baseline,
  title={A baseline for detecting misclassified and out-of-distribution examples in neural networks},
  author={Hendrycks, Dan and Gimpel, Kevin},
  journal={arXiv preprint arXiv:1610.02136},
  year={2016}
}
@inproceedings{ritter2018scalable,
  title={A scalable laplace approximation for neural networks},
  author={Ritter, Hippolyt and Botev, Aleksandar and Barber, David},
  booktitle={6th international conference on learning representations, ICLR 2018-conference track proceedings},
  volume={6},
  year={2018},
  organization={International Conference on Representation Learning}
}
@article{abdelzad2019detecting,
  title={Detecting out-of-distribution inputs in deep neural networks using an early-layer output},
  author={Abdelzad, Vahdat and Czarnecki, Krzysztof and Salay, Rick and Denounden, Taylor and Vernekar, Sachin and Phan, Buu},
  journal={arXiv preprint arXiv:1910.10307},
  year={2019}
}

@article{madras2019detecting,
  title={Detecting underspecification with local ensembles},
  author={Madras, David and Atwood, James and D'Amour, Alex},
  journal={arXiv preprint arXiv:1910.09573},
  year={2019}
}